<?xml version="1.0" encoding="UTF-8"?><collection xmlns="http://www.loc.gov/MARC21/slim"><record><leader>00474nam--2200121-i-4500</leader><controlfield tag="001">000045617</controlfield><controlfield tag="002">20161230</controlfield><controlfield tag="005">20161230201045</controlfield><controlfield tag="008">060222s1000------------r-----000-0-eng-d</controlfield><datafield ind1=" " ind2=" " tag="080"><subfield code="a">002</subfield></datafield><datafield ind1=" " ind2=" " tag="245"><subfield code="a">Unisist. etude sur la realisation d`un systeme mondial d`information scientifique effectuee par l`organisation des nations unies pour l`education, la science et la culture et le conseil international des unions scientifiques</subfield></datafield><datafield ind1=" " ind2=" " tag="260"><subfield code="a">Paris, Unesco, 1971, 181p</subfield></datafield><datafield ind1=" " ind2=" " tag="852"><subfield code="a">35737</subfield></datafield></record></collection>